%% This BibTeX bibliography file was created using BibDesk.
%% https://bibdesk.sourceforge.io/

%% Created for Marcelo Escobal at 2023-09-17 11:13:53 -0300 


%% Saved with string encoding Unicode (UTF-8) 



@article{yatham2018canadian,
	author = {Yatham, Lakshmi N and Kennedy, Sidney H and Parikh, Sagar V and Schaffer, Ayal and Bond, David J and Frey, Benicio N and Sharma, Verinder and Goldstein, Benjamin I and Rej, Soham and Beaulieu, Serge and others},
	date-added = {2023-09-17 11:13:45 -0300},
	date-modified = {2023-09-17 11:13:45 -0300},
	journal = {Bipolar disorders},
	number = {2},
	pages = {97--170},
	publisher = {Wiley Online Library},
	title = {Canadian Network for Mood and Anxiety Treatments (CANMAT) and International Society for Bipolar Disorders (ISBD) 2018 guidelines for the management of patients with bipolar disorder},
	volume = {20},
	year = {2018}}

@article{ware2018neuroleptic,
	author = {Ware, Michael R and Feller, David B and Hall, Karen L},
	date-added = {2023-09-15 21:17:02 -0300},
	date-modified = {2023-09-15 21:17:02 -0300},
	journal = {The primary care companion for CNS disorders},
	number = {1},
	pages = {27030},
	publisher = {Physicians Postgraduate Press, Inc.},
	title = {Neuroleptic malignant syndrome: diagnosis and management},
	volume = {20},
	year = {2018}}

@book{kaplan1999sinopsis,
	author = {Kaplan, Harold and Sadock, Benjam{\'\i}n J and Grebb, Jack A},
	date-added = {2023-09-08 23:17:32 -0300},
	date-modified = {2023-09-08 23:17:32 -0300},
	publisher = {Medica},
	title = {Sinopsis de psiquiatr{\'\i}a},
	year = {1999}}

@book{dsmiv1998,
	author = {American Psychiatric Association and others},
	booktitle = {DSM IV: manual diagn{\'o}stico y estad{\'\i}stico de los trastornos mentales},
	date-added = {2023-09-07 20:48:30 -0300},
	date-modified = {2023-09-08 23:14:33 -0300},
	pages = {907--p},
	title = {DSM IV: manual diagn{\'o}stico y estad{\'\i}stico de los trastornos mentales},
	year = {1998}}

@book{cie102000,
	author = {World Health Organization and others},
	date-added = {2023-09-07 20:41:00 -0300},
	date-modified = {2023-09-07 20:41:42 -0300},
	publisher = {Editorial M{\'e}dica Panamericana},
	title = {Gu{\'\i}a de bolsillo de la clasificaci{\'o}n CIE-10: clasificaci{\'o}n de los trastornos mentales y del comportamiento},
	year = {2000}}

@book{ey1996,
	author = {Ey, Henri},
	date-added = {2023-09-07 20:37:27 -0300},
	date-modified = {2023-09-07 20:48:51 -0300},
	publisher = {Masson},
	title = {Tratado de psiquiatr{\'\i}a},
	year = {1996}}
